
@article{ben2002robust,
  title={Robust optimization--methodology and applications},
  author={Ben-Tal, Aharon and Nemirovski, Arkadi},
  journal={Mathematical Programming},
  volume={92},
  number={3},
  pages={453--480},
  year={2002},
  publisher={Springer-Verlag}
}


@article{barbieri2013topic,
  title={Topic-aware social influence propagation models},
  author={Barbieri, Nicola and Bonchi, Francesco and Manco, Giuseppe},
  journal={Knowledge and information systems},
  volume={37},
  number={3},
  pages={555--584},
  year={2013},
  publisher={Springer}
}

@inproceedings{budak2011limiting,
  title={Limiting the spread of misinformation in social networks},
  author={Budak, Ceren and Agrawal, Divyakant and El Abbadi, Amr},
  booktitle={Proceedings of the 20th international conference on World wide web},
  pages={665--674},
  year={2011},
  organization={ACM}
}


@inproceedings{chen2009efficient,
  title={Efficient influence maximization in social networks},
  author={Chen, Wei and Wang, Yajun and Yang, Siyu},
  booktitle={KDD},
  year={2009}
}

@inproceedings{chen2010scalable,
  title={Scalable influence maximization for prevalent viral marketing in large-scale social networks},
  author={Chen, Wei and Wang, Chi and Wang, Yajun},
  booktitle={KDD},
  year={2010}
}

@inproceedings{borgs14,
  author    = {Christian Borgs and
               Michael Brautbar and
               Jennifer T. Chayes and
               Brendan Lucier},
  title     = {Maximizing Social Influence in Nearly Optimal Time},
  booktitle = {SODA},
  pages     = {946--957},
  year      = {2014},
}

@inproceedings{tang14,
  author    = {Youze Tang and
               Xiaokui Xiao and
               Yanchen Shi},
  title     = {Influence maximization: near-optimal time complexity meets practical
               efficiency},
  booktitle = {SIGMOD},
  pages     = {75--86},
  year      = {2014},
}

@inproceedings{Netrapalli12,
  author    = {Praneeth netrapalli and Sujay Sanghavi},
  title     = {Finding the graph of epidemic cascades},
  booktitle = {SIGMETRICS/Performance},
  year      = {2012},
}

@inproceedings{chen2014combinatorial,
  title={Combinatorial Pure Exploration of Multi-Armed Bandits},
  author={Chen, Shouyuan and Lin, Tian and King, Irwin and Lyu, Michael R and Chen, Wei},
  booktitle={Advances in Neural Information Processing Systems},
  pages={379--387},
  year={2014}
}

@article{bubeck2011pure,
  title={Pure exploration in finitely-armed and continuous-armed bandits},
  author={Bubeck, S{\'e}bastien and Munos, R{\'e}mi and Stoltz, Gilles},
  journal={Theoretical Computer Science},
  volume={412},
  pages={1832--1852},
  year={2011},
  publisher={Elsevier}
}


@article{chen2013information,
  title={Information and Influence Propagation in Social Networks},
  author={Chen, Wei and Lakshmanan, Laks VS and Castillo, Carlos},
  journal={Synthesis Lectures on Data Management},
  volume={5},
  number={4},
  pages={1--177},
  year={2013},
  publisher={Morgan \& Claypool Publishers}
}


@article{ChenWY14a,
  author    = {Wei Chen and
               Yajun Wang and
               Yang Yuan},
  title     = {Combinatorial Multi-Armed Bandit and Its Extension to Probabilistically
               Triggered Arms},
  journal   = {CoRR},
  volume    = {abs/1407.8339},
  year      = {2014},
  url       = {http://arxiv.org/abs/1407.8339},
  timestamp = {Fri, 01 Aug 2014 13:50:01 +0200},
  biburl    = {http://dblp.uni-trier.de/rec/bib/journals/corr/ChenWY14a},
  bibsource = {dblp computer science bibliography, http://dblp.org}
}

@article{chernoff1952measure,
  title={A measure of asymptotic efficiency for tests of a hypothesis based on the sum of observations},
  author={Chernoff, Herman},
  journal={The Annals of Mathematical Statistics},
  pages={493--507},
  year={1952},
  publisher={JSTOR}
}


@inproceedings{domingos2001mining,
  title={Mining the network value of customers},
  author={Domingos, Pedro and Richardson, Matt},
  booktitle={Proceedings of the seventh ACM SIGKDD international conference on Knowledge discovery and data mining},
  pages={57--66},
  year={2001},
  organization={ACM}
}



@article{feige1998threshold,
  title={A threshold of ln n for approximating set cover},
  author={Feige, Uriel},
  journal={Journal of the ACM (JACM)},
  volume={45},
  number={4},
  pages={634--652},
  year={1998},
  publisher={ACM}
}


@inproceedings{goyal2010learning,
  title={Learning influence probabilities in social networks},
  author={Goyal, Amit and Bonchi, Francesco and Lakshmanan, Laks VS},
  booktitle={Proceedings of the third ACM international conference on Web search and data mining},
  pages={241--250},
  year={2010},
  organization={ACM}
}

@InProceedings{gomez2011uncover,
  author =    {Manuel Gomez Rodriguez and David Balduzzi and Bernhard Sch\"{o}lkopf},
  title =     {Uncovering the Temporal Dynamics of Diffusion Networks},
  booktitle = {Proceedings of the 28th International Conference on Machine Learning (ICML-11)},
  series =    {ICML'11},
  year =      {2011},
  editor =    {Lise Getoor and Tobias Scheffer},
  location =  {Bellevue, Washington, USA},
  isbn =      {978-1-4503-0619-5},
  month =     {June},
  publisher = {ACM},
  address =   {New York, NY, USA},
  pages=      {561--568},
}


@article{hoeffding1963probability,
  title={Probability inequalities for sums of bounded random variables},
  author={Hoeffding, Wassily},
  journal={Journal of the American statistical association},
  volume={58},
  number={301},
  pages={13--30},
  year={1963},
  publisher={Taylor \& Francis Group}
}


@ARTICLE{he2015stability,
   author = {{He}, X. and {Kempe}, D.},
    title = "{Stability of Influence Maximization}",
  journal = {ArXiv e-prints},
archivePrefix = "arXiv",
   eprint = {1501.04579},
 keywords = {Computer Science - Social and Information Networks},
     year = 2015,
    month = jan,
   adsurl = {http://adsabs.harvard.edu/abs/2015arXiv150104579H},
  adsnote = {Provided by the SAO/NASA Astrophysics Data System}
}


@inproceedings{kempe2003maximizing,
  title={Maximizing the spread of influence through a social network},
  author={Kempe, David and Kleinberg, Jon and Tardos, {\'E}va},
  booktitle={Proceedings of the ninth ACM SIGKDD international conference on Knowledge discovery and data mining},
  pages={137--146},
  year={2003},
  organization={ACM}
}

@article{krause2008robust,
  title={Robust submodular observation selection},
  author={Krause, Andreas and McMahon, H Brendan and Guestrin, Carlos and Gupta, Anupam},
  year={2008},
  journal={JMLR},
  volume = {9},
  pages={2761--2801}
}

@article{prakash2010got,
  title={Got the Flu (or Mumps)? Check the Eigenvalue!},
  author={Prakash, B Aditya and Chakrabarti, Deepayan and Faloutsos, Michalis and Valler, Nicholas and Faloutsos, Christos},
  journal={arXiv preprint arXiv:1004.0060},
  year={2010}
}

@article{prakash2012threshold,
  title={Threshold conditions for arbitrary cascade models on arbitrary networks},
  author={Prakash, B Aditya and Chakrabarti, Deepayan and Valler, Nicholas C and Faloutsos, Michalis and Faloutsos, Christos},
  journal={Knowledge and information systems},
  volume={33},
  number={3},
  pages={549--575},
  year={2012},
  publisher={Springer}
}


@inproceedings{goyal2011celf,
  title={Celf++: optimizing the greedy algorithm for influence maximization in social networks},
  author={Goyal, Amit and Lu, Wei and Lakshmanan, Laks VS},
  booktitle={WWW 2011}
}


@inproceedings{leskovec2007cost,
  title={Cost-effective outbreak detection in networks},
  author={Leskovec, Jure and Krause, Andreas and Guestrin, Carlos and Faloutsos, Christos and VanBriesen, Jeanne and Glance, Natalie},
  booktitle={Proceedings of the 13th ACM SIGKDD international conference on Knowledge discovery and data mining},
  pages={420--429},
  year={2007},
  organization={ACM}
}


@inproceedings{saito2008prediction,
  title={Prediction of information diffusion probabilities for independent cascade model},
  author={Saito, Kazumi and Nakano, Ryohei and Kimura, Masahiro},
  booktitle={Knowledge-Based Intelligent Information and Engineering Systems},
  pages={67--75},
  year={2008},
  organization={Springer}
}

@inproceedings{tang2009social,
  title={Social influence analysis in large-scale networks},
  author={Tang, Jie and Sun, Jimeng and Wang, Chi and Yang, Zi},
  booktitle={Proceedings of the 15th ACM SIGKDD international conference on Knowledge discovery and data mining},
  pages={807--816},
  year={2009},
  organization={ACM}
}









@inproceedings{badanidiyuru2013bandit,
  title={Bandits with Knapsacks},
  author={Ashwinkumar Badanidiyuru, and Robert Kleinberg and Aleksandrs Slivkins},
  booktitle={Proceedings of the 54th IEEE Symposium on Foundations of Computer Science},
 year={2013},
  organization={ACM}
}


@article{vaswani2015influence,
  title={Influence Maximization with Bandits},
  author={Vaswani, Sharan and Lakshmanan, Laks and others},
  journal={arXiv preprint arXiv:1503.00024},
  year={2015}
}


@article{chen2013information,
  title={Information and influence propagation in social networks},
  author={Chen, Wei and Lakshmanan, Laks VS and Castillo, Carlos},
  journal={Synthesis Lectures on Data Management},
  volume={5},
  number={4},
  pages={1--177},
  year={2013},
  publisher={Morgan \& Claypool Publishers}
}
